@MISC{github,
  author = {Pál Balázs},
  title = {ELTE Computer Simulations 2019 --- GitHub},
  year = {2019},
  url = {https://github.com/masterdesky/ELTE_Comp_Simulations_2019},
  note = {[Online; opened at March 23, 2019]}
}

@book{press2007numerical,
  title={Numerical recipes 3rd edition: The art of scientific computing},
  author={Press, William H and Teukolsky, Saul A and Vetterling, William T and Flannery, Brian P},
  year={2007},
  publisher={Cambridge university press}
}

@MISC{yt,
  author = {},
  title = {Pál Balázs's Channel --- YouTube},
  year = {2019},
  url = {https://www.youtube.com/channel/UCBDSB7PdQ3E9l9WSBsTy7cQ},
  note = {[Online; opened at March 23, 2019]}
}

@MISC{szamszim,
  author = {{József Stéger, István Csabai}},
  title = {Számítógépes szimulációk -- Populációdinamika},
  year = {2019},
  url = {https://stegerjozsef.web.elte.hu/teaching/szamszim/popdin.pdf},
  note = {[Online; opened at April 25, 2019]}
}

