@article{verlet1967computer,
  title={Computer "experiments" on classical fluids. I. Thermodynamical properties of Lennard-Jones molecules},
  author={Verlet, Loup},
  journal={Physical review},
  volume={159},
  number={1},
  pages={98},
  year={1967},
  publisher={APS}
}

@ARTICLE{1924RSPSA.106..463J,
   author = {{Jones}, J.~E.},
    title = "{On the Determination of Molecular Fields. II. From the Equation of State of a Gas}",
  journal = {Proceedings of the Royal Society of London Series A},
     year = 1924,
    month = oct,
   volume = 106,
    pages = {463-477},
      doi = {10.1098/rspa.1924.0082},
   adsurl = {http://adsabs.harvard.edu/abs/1924RSPSA.106..463J},
  adsnote = {Provided by the SAO/NASA Astrophysics Data System}
}

@book{thornton2012modern,
  title={Modern physics for scientists and engineers},
  author={Thornton, Stephen T. and Rex, Andrew},
  year={2012},
  publisher={Cengage Learning}
}

@MISC{github,
  author = {Pál Balázs},
  title = {ELTE Computer Simulations 2019 --- GitHub},
  year = {2019},
  url = {https://github.com/masterdesky/ELTE_Comp_Simulations_2019},
  note = {[Online; opened at March 23, 2019]}
}

@MISC{yt,
  author = {},
  title = {Pál Balázs's Channel --- YouTube},
  year = {2019},
  url = {https://www.youtube.com/channel/UCBDSB7PdQ3E9l9WSBsTy7cQ},
  note = {[Online; opened at March 23, 2019]}
}

@MISC{szamszim,
  author = {{József Stéger, István Csabai}},
  title = {Számítógépes szimulációk -- Molekuladinamika},
  year = {2019},
  url = {https://stegerjozsef.web.elte.hu/teaching/szamszim/moldin.pdf},
  note = {[Online; opened at March 25, 2019]}
}

