@ARTICLE{biesel2008precession,
  title={The Precession of Mercuryâ€™s Perihelion},
  author={Biesel, Owen},
  year={2008}
}

@ARTICLE{2007arXiv0712.3709M,
   author = {{Magnan}, C.},
    title = "{Complete calculations of the perihelion precession of Mercury and the deflection of light by the Sun in General Relativity}",
  journal = {arXiv e-prints},
archivePrefix = "arXiv",
   eprint = {0712.3709},
 primaryClass = "gr-qc",
 keywords = {General Relativity and Quantum Cosmology},
     year = 2007,
    month = dec,
   adsurl = {http://adsabs.harvard.edu/abs/2007arXiv0712.3709M},
  adsnote = {Provided by the SAO/NASA Astrophysics Data System}
}

@article{doi:10.1119/1.13441,
    author = {Potgieter,J. M. },
    title = {Derivation of the equations of Lagrange for a relativistic particle},
    journal = {American Journal of Physics},
    volume = {51},
    number = {1},
    pages = {77-77},
    year = {1983},
    doi = {10.1119/1.13441},
    URL = {https://doi.org/10.1119/1.13441},
    eprint = {https://doi.org/10.1119/1.13441}
}

@ARTICLE{2010arXiv1012.5438L,
   author = {{Lemmon}, T.~J. and {Mondragon}, A.~R.},
    title = "{Kepler's Orbits and Special Relativity in Introductory Classical Mechanics}",
  journal = {arXiv e-prints},
archivePrefix = "arXiv",
   eprint = {1012.5438},
 primaryClass = "astro-ph.EP",
 keywords = {Astrophysics - Earth and Planetary Astrophysics, Physics - Classical Physics},
     year = 2010,
    month = dec,
   adsurl = {http://adsabs.harvard.edu/abs/2010arXiv1012.5438L},
  adsnote = {Provided by the SAO/NASA Astrophysics Data System}
}

@ARTICLE{2015CaJPh..93..549S,
       author = {{Singh}, Ashmeet and {Patra}, Binoy Krishna},
        title = "{Relativistic corrections to the central force problem in a generalized potential approach}",
      journal = {Canadian Journal of Physics},
     keywords = {Physics - Classical Physics, Nuclear Theory, Physics - Atomic Physics},
         year = "2015",
        month = "May",
       volume = {93},
        pages = {549-555},
          doi = {10.1139/cjp-2014-0261},
archivePrefix = {arXiv},
       eprint = {1404.2940},
 primaryClass = {physics.class-ph},
       adsurl = {https://ui.adsabs.harvard.edu/\#abs/2015CaJPh..93..549S},
      adsnote = {Provided by the SAO/NASA Astrophysics Data System}
}

@inproceedings{vayenas2015gravitational,
  title={Gravitational mass and Newton's universal gravitational law under relativistic conditions},
  author={Vayenas, Constantinos G and Fokas, Athanasios and Grigoriou, Dimitrios},
  booktitle={Journal of Physics: Conference Series},
  volume={633},
  number={1},
  pages={012033},
  year={2015},
  organization={IOP Publishing}
}

@article{kurucz2006precession,
  title={The precession of Mercury and the deflection of starlight by special relativity alone},
  author={Kurucz, Robert L},
  journal={arXiv preprint astro-ph/0608434},
  year={2006}
}