@MISC{szamszin,
  author = {Stéger József},
  title = {Számítógépes szimulációk gyakorlat [szamszimf17la]},
  year = {2019},
  url = {https://stegerjozsef.web.elte.hu/teaching/szamszim/index.php},
  note = {[Online; opened at 2019.02.12.]}
}

@MISC{csabaidiff,
  author = {Csabai István},
  title = {PHY 410-505 Computational Physics I --- Chapter 3: Oscillatory Motion and Chaos},
  year = {2008},
  url = {http://csabai.web.elte.hu/http/szamszim/ch3-lec1.pdf},
  note = {[Online; opened at 2019.02.12.]}
}

@MISC{github,
  author = {Pál Balázs},
  title = {ELTE Computer Simulations 2019 --- GitHub},
  year = {2019},
  url = {https://github.com/masterdesky/ELTE_Comp_Simulations_2019},
  note = {[Online; opened at 2019.02.13.]}
}

@INBOOK{Iserles-2003,
  doi = {10.1017/cbo9780511550157.006},
  title	= {Geometric numerical integration illustrated by the Störmer–Verlet method},
  author = {{Ernst Hairer, Christian Lubich, Gerhard Wanner}},
  isbn = {9780511550157},
  publisher = {Cambridge University Press},
  series = {Acta Numerica},
  year = {2003},
  volume = {},
  note	= {p. 399--450}
}

@ARTICLE{cromer,
  author = {{Alan Cromer}},
  title = {Stable solutions using the Euler approximation},
  journal = {American Journal of Physics},
  volume = {49},
  number = {5},
  pages = {455-459},
  year = {1981},
  doi = {10.1119/1.12478},
  url = {https://doi.org/10.1119/1.12478},
  eprint = {https://doi.org/10.1119/1.12478}
}
