@MISC{gyorgyigeza,
  author = {Györgyi, Géza},
  title = {Elméleti Mechanika \q{A}},
  year = {2018},
  url = {http://glu.elte.hu/~gyorgyi/teaching/Elmeleti_Mechanika/jegyzet/emjegyzet.pdf},
  note = {[Online; accessed February 27, 2019]}
}

@MISC{github,
  author = {Pál Balázs},
  title = {ELTE Computer Simulations 2019 --- GitHub},
  year = {2019},
  url = {https://github.com/masterdesky/ELTE_Comp_Simulations_2019},
  note = {[Online; opened at February 28, 2019]}
}

@MISC{yt,
  author = {},
  title = {masterdesky's Channel --- YouTube},
  year = {2019},
  url = {https://www.youtube.com/channel/UCBDSB7PdQ3E9l9WSBsTy7cQ},
  note = {[Online; opened at March 1, 2019]}
}

@MISC{double,
  author = {Joe Chen},
  title = {Chaos f ram Simplicity: An Introduction to the Double Pendulum},
  year = {2008},
  url = {https://ir.canterbury.ac.nz/bitstream/handle/10092/12659/chen_2008_report.pdf},
  note = {[Online; opened at March 1, 2019]}
}



