@MISC{github,
  author = {Pál, Balázs},
  title = {ELTE Computer Simulations 2019 --- GitHub},
  year = {2019},
  url = {https://github.com/masterdesky/ELTE_Comp_Simulations_2019},
  addendum = {[Online; opened at May 6, 2019]}
}

@book{press2007numerical,
  title={Numerical recipes 3rd edition: The art of scientific computing},
  author={Press, William H and Teukolsky, Saul A and Vetterling, William T and Flannery, Brian P},
  year={2007},
  publisher={Cambridge university press}
}

@MISC{yt,
  author = {},
  title = {Pál Balázs's Channel --- YouTube},
  year = {2019},
  url = {https://www.youtube.com/channel/UCBDSB7PdQ3E9l9WSBsTy7cQ},
  addendum = {[Online; opened at May 6, 2019]}
}

@MISC{szamszim,
  author = {{József Stéger, István Csabai}},
  title = {Számítógépes szimulációk -- Sejtautomaták},
  year = {2019},
  url = {https://stegerjozsef.web.elte.hu/teaching/szamszim/ca.pdf},
  addendum = {[Online; opened at May 6, 2019]}
}

@MISC{csabaisandpile,
  author = {Richard J. Gonsalves},
  title = {Two dimensional sandpile automaton},
  year = {2004},
  url = {http://csabai.web.elte.hu/http/szamszim/lecture7/topic6-lec3.pdf},
  addendum = {[Online; opened at May 6, 2019]}
}

